<?xml version="1.0" encoding="UTF-8"?><record xmlns="http://www.loc.gov/MARC21/slim" xmlns:cinclude="http://apache.org/cocoon/include/1.0" xmlns:zs="http://www.loc.gov/zing/srw/">
  <leader>00704cz  a2200181n  4500</leader>
  <controlfield tag="001">n  80119163 </controlfield>
  <controlfield tag="003">DLC</controlfield>
  <controlfield tag="005">20101223074702.0</controlfield>
  <controlfield tag="008">800930n| acannaabn          |a aaa      </controlfield>
  <datafield tag="010" ind1=" " ind2=" ">
    <subfield code="a">n  80119163 </subfield>
    <subfield code="z">no 99056286 </subfield>
  </datafield>
  <datafield tag="035" ind1=" " ind2=" ">
    <subfield code="a">(OCoLC)oca00499782</subfield>
  </datafield>
  <datafield tag="040" ind1=" " ind2=" ">
    <subfield code="a">DLC</subfield>
    <subfield code="b">eng</subfield>
    <subfield code="c">DLC</subfield>
    <subfield code="d">DLC</subfield>
    <subfield code="d">OCoLC</subfield>
    <subfield code="d">DLC</subfield>
    <subfield code="d">IEN</subfield>
    <subfield code="d">DLC</subfield>
  </datafield>
  <datafield tag="053" ind1=" " ind2="0">
    <subfield code="a">ML420.R35</subfield>
    <subfield code="c">Biography in music</subfield>
  </datafield>
  <datafield tag="053" ind1=" " ind2="0">
    <subfield code="a">PQ2679.E255</subfield>
  </datafield>
  <datafield tag="100" ind1="0" ind2=" ">
    <subfield code="a">Renaud,</subfield>
    <subfield code="d">1952-</subfield>
  </datafield>
  <datafield tag="400" ind1="1" ind2=" ">
    <subfield code="w">nna</subfield>
    <subfield code="a">Séchan, Renaud,</subfield>
    <subfield code="d">1952-</subfield>
  </datafield>
  <datafield tag="670" ind1=" " ind2=" ">
    <subfield code="a">His Sans zikmu, 1980:</subfield>
    <subfield code="b">t.p. (Renaud) cover p. 4 (Renaud Séchan, b. 1952, songwriter)</subfield>
  </datafield>
  <datafield tag="670" ind1=" " ind2=" ">
    <subfield code="a">IMDb, Apr. 4, 2007</subfield>
    <subfield code="b">(Renaud (II), b. 11 May 1952, Paris, France; Renaud Séchan; appeared in Germinal (1993) and other films; also film soundtracks)</subfield>
  </datafield>
</record>